    @misc{link_follower,
  author       = {Pratik Sahoo},
  title        = {Python Web crawler},
  year         = {2023},
  howpublished = {\url{https://github.com/K1ngPat/WebCrawler/}},
  note         = {Accessed on June 14, 2023}
}
@techreport{networkx,
  title={Exploring network structure, dynamics, and function using NetworkX},
  author={Hagberg, Aric and Swart, Pieter and S Chult, Daniel},
  year={2008},
  institution={Los Alamos National Lab.(LANL), Los Alamos, NM (United States)}
}
@article{richardson2007,
  title={Beautiful soup documentation},
  author={Richardson, Leonard},
  journal={April},
  year={2007}
}